@inproceedings{ablettFastReinforcementLearning2024,
    author = {\textbf{T. Ablett} and Bryan Chan and Jayce Haoran Wang and Jonathan Kelly},
    title = {Fast {{Reinforcement Learning}} without {{Rewards}} or {{Demonstrations}} via {{Auxiliary Task Examples}}},
    booktitle = {Conference on Robot Learning (CoRL'24) {{Workshop}} on {{Mastering Robot Manipulation}} in a {{World}} of {{Abundant Data}}},
    year = {2024},
    month = nov,
    note = {\url{https://papers.starslab.ca/vpace/}}
}

@inproceedings{2024_Ablett_vpace,
	author = {\textbf{T. Ablett} and Bryan Chan and Jayce Haoran Wang and Jonathan Kelly},
	booktitle = {Proceedings of the IEEE International Conference on Robotics and Automation (ICRAâ€™25) [submitted]},
	date = {2025-05-19},
	title = {Efficient Imitation Without Demonstrations via Value-Penalized Auxiliary Control from Examples},
	year = {2025},
        note = {\url{https://papers.starslab.ca/vpace/}}
}

@inproceedings{limoyoWorkingBackwardsLearning2023,
	title = {Working {{Backwards}}: {{Learning}} to {{Place}} by {{Picking}}},
        booktitle = {Proceedings of the {IEEE/RSJ} International Conference on Intelligent Robots and Systems {(IROS'24)}},
	author = {Limoyo, Oliver and Konar, Abhisek and \textbf{T. Ablett} and Kelly, Jonathan and Hogan, Francois R. and Dudek, Gregory},
	year = {2024},
	month = oct,
}


@article{2024_Ablett_Push,
	author = {\textbf{T. Ablett} and Oliver Limoyo and Adam Sigal and Affan Jilani and Jonathan Kelly and Kaleem Siddiqi and Francois Hogan and Gregory Dudek},
	journal = {{IEEE} Transactions on Robotics (T-RO): Special Section on Tactile Robotics \textit{[to appear]}},
	month = {January},
	title = {Multimodal and Force-Matched Imitation Learning with a See-Through Visuotactile Sensor },
	year = {2025},
	note = {\url{https://papers.starslab.ca/sts-il/}}
}

@article{2023_Ablett_Learning,
	author = {\textbf{T. Ablett} and Bryan Chan and Jonathan Kelly},
	journal = {{IEEE} Robotics and Automation Letters},
	month = {March},
	number = {3},
	pages = {1263--1270},
	site = {https://papers.starslab.ca/lfgp/},
	title = {Learning from Guided Play: Improving Exploration for Adversarial Imitation Learning with Simple Auxiliary Tasks},
	volume = {8},
	year = {2023},
	note = {\url{https://papers.starslab.ca/lfgp/}}
}

@inproceedings{2022_Limoyo_Learning,
	address = {Zagreb, Croatia},
	author = {Oliver Limoyo and \textbf{T. Ablett} and Jonathan Kelly},
	booktitle = {Proceedings of the 17th International Conference on Intelligent Autonomous Systems (IAS)},
	date = {2022-06-13/2022-06-17},
	month = {Jun. 13--17},
	note = {\textbf{Finalist for the Best Paper Award}},
	title = {Learning Sequential Latent Variable Models from Multimodal Time Series Data},
	year = {2022}
}

@inproceedings{2021_Ablett_Learning,
	author = {\textbf{T. Ablett}* and Bryan Chan* and Jonathan Kelly},
	booktitle = {Proceedings of the Neural Information Processing Systems {(NeurIPS'21)} Deep Reinforcement Learning Workshop},
	code = {https://github.com/utiasSTARS/lfgp},
	date = {2021-12-13},
	month = {Dec. 13},
	site = {https://papers.starslab.ca/lfgp/},
	title = {Learning from Guided Play: A Scheduled Hierarchical Approach for Improving Exploration in Adversarial Imitation Learning},
	year = {2021},
	note = {\url{https://papers.starslab.ca/lfgp/}}
}

@article{ablettFightingFailuresFIRE2020,
	title={Fighting Failures with FIRE: Failure Identification to Reduce Expert Burden in Intervention-Based Learning},
	author={\textbf{T. Ablett} and Mari\'c, Filip and Kelly, Jonathan},
	journal={arXiv:2007.00245},
	year={2020}
}

@inproceedings{limoyo2018automatic,
  title={Self-Calibration of Mobile Manipulator Kinematic and Sensor Extrinsic Parameters Through Contact-Based Interaction},
  author={Limoyo, Oliver and \textbf{T. L. Ablett} and Mari\'c, Filip and Volpatti, Luke and Kelly, Jonathan},
  booktitle={Proceedings of the {IEEE} International Conference on Robotics and Automation {(ICRA'18})},
  month={May},
  year={2018},
  address={Brisbane, Queensland, Australia}
}

@inproceedings{2019_Maric_Fast,
	address = {Macau, China},
	author = {Filip Maric and Oliver Limoyo and Luka Petrovic and \textbf{T. Ablett} and Ivan Petrovic and Jonathan Kelly},
	booktitle = {Proceedings of the {IEEE/RSJ} International Conference on Intelligent Robots and Systems {(IROS'19)}},
	date = {2019-11-04/2019-11-08},
	keywords = {cvconfful},
	month = {Nov. 4--8},
	title = {Fast Manipulability Maximization Using Continuous-Time Trajectory Optimization},
	year = {2019}
}

@article{calibration_patent,
	title={Method of Calibrating a Mobile Manipulator},
	author={Kelly, Jonathan and Limoyo, Oliver and \textbf{T. Ablett}},
	booktitle={U.S. Patent},
        journal={U.S. Patent},
	number={US20200398433A1},
	year={2020}
}

@article{callisto_patent,
	title={Vision-based System for Navigating a Robot Through an Indoor Space},
	author={Peters, Robert and Tran, Chanh Vy and \textbf{T. L. Ablett} and Lepore, Lucas James and Sergenese, Matthew James},
	booktitle={World International Property Organization (WIPO)},
        journal={World International Property Organization (WIPO)},
	number={WO2017066870A1},
	year={2017}
}

@article{samsung_tactile_patent,
	title={Continuous Tactile Feedback for Electronic Devices},
	author={Francois Robert Hogan and \textbf{T. Ablett} and Xue Liu and Gregory Lewis Dudek and Amal Feriani},
	booktitle={U.S. Patent},
	journal={U.S. Patent},
	number={US20240353958A1},
	year={2024}
}

@article{samsung_manipulators_patent,
	title={Apparatus and Method for Controlling Robotic Manipulators},
	author={Abhisek Konar and Oliver Limoyo and Francois Hogan and Gregory Lewis Dudek and \textbf{T. Ablett}},
	booktitle={U.S. Patent},
	journal={U.S. Patent},
	number={US20240308082A1},
	year={2024}
}


@inproceedings{ablettSeeingAllAngles2021,
	title = {Seeing {{All}} the {{Angles}}: {{Learning Multiview Manipulation Policies}} for {{Contact}}-{{Rich Tasks}} from {{Demonstrations}}},
	shorttitle = {Seeing {{All}} the {{Angles}}},
	booktitle = {Proceedings of the {{IEEE}}/{{RSJ International Conference}} on {{Intelligent Robots}} and {{Systems}} ({{IROS}}'21)},
	author = {\textbf{T. Ablett} and Zhai, Yifan and Kelly, Jonathan},
	year = {2021},
	month = sep,
	address = {{Prague, Czech Republic}},
	keywords = {Computer Science - Machine Learning,Computer Science - Robotics},
	note = {\url{https://papers.starslab.ca/multiview-manipulation/}}
}
